% -*- mode: latex; mode: auto-fill; coding: utf-8; -*-

% --------- BOOKS ------- %

@book{book:3d-games,
   author = {Alan H. Watt and Fabio Policarpo},
   title = {3D games: Real-time Rendering and Software Technology},
   publisher = {ACM Press},
   address = {New York},
   edition = {1st},
   series = {SIGGRAPH series},
   year = {2001},
   isbn = {0201619210}
}

@book{book:applied_math,
   author = {Gilbert Strang},
   title = {Introduction to Applied Mathematics},
   publisher = {Wellesley-Cambridge Press},
   address = {Wellesley, Massachusetts},
   year = {1986},
   isbn = {0961408804}
}

@book{book:continuum-mechanics,
   author = {Ellis Harold Dill},
   title = {Continuum mechanics: Elasticity, Plasticity, Viscoelasticity},
   publisher = {CRC},
   address = {Boca Raton, Florida},
   year = {2007},
   isbn = {0849397790}
}

@book{book:continuum-mechanics-anthony,
   author = {Anthony James Merrill Spencer},
   title = {Continuum Mechanics},
   publisher = {Longman},
   address = {London},
   series = {Longman mathematical texts},
   year = {1980},
   isbn = {0582442826}
}

@book{book:continuum-mechanics-mase,
   author = {George E. Mase},
   title = {Schaum's Outline of Theory and Problems of Continuum Mechanics},
   publisher = {McGraw-Hill},
   address = {New York},
   series = {Schaum's Outline Series},
   year = {1970},
   isbn = {0070406634}
}

@book{book:deformable-solids,
   author = {Daniel Charles Drucker},
   title = {Introduction to Mechanics of Deformable Solids},
   publisher = {McGraw-Hill},
   address = {New York},
   year = {1967},

}

@book{book:fem-engineers,
   author = {Kenneth H. Huebner and Donald L. Dewhirst and
     Douglas E. Smith and Ted G. Byrom},
   title = {The Finite Element Method for Engineers},
   publisher = {John Wiley and Sons},
   address = {New York},
   edition = {4th},
   year = {2001},
   isbn = {0471370789}
}

@book{book:fracture_mechanics,
   author = {E. E. Gdoutos},
   title = {Fracture Mechanics: An Introduction},
   publisher = {Springer},
   address = {Dordrecht, the Netherlands},
   edition = {2nd},
   series = {Solid mechanics and its applications},
   volume = {123},
   year = {2005},
   isbn = {1402028636}
}

@book{book:gof,
   author = {Erich Gamma and Richard Helm and
     Ralph Johnson and John Vlissides},
   title = {Design patterns:
     Elements of Reusable Object-oriented Software},
   publisher = {Addison-Wesley},
   address = {Reading, Massachusetts},
   series = {Addison-Wesley professional computing series},
   year = {1995},
   isbn = {0201633612}
}

@book{book:leon,
   author = {Steven J. Leon},
   title = {Linear Algebra with Applications},
   publisher = {Pearson Prentice Hall},
   address = {Upper Saddle River, New Jersey},
   edition = {7th},
   year = {2006},
   isbn = {0131857851}
}

% book{book:mechanical-props-solid-fluid,
%    author = {Reginald Cyril Stanley},
%    title = {Mechanical Properties of Solids and Fluids},
%    address = {London},
%    publisher = {Butterworths},
%    year = {1972},
%    isbn = {0408703059}
% }

% book{book:mechanics,
%    author = {S. L. Kakani and C. Hemrajani and Shubhra Kakani},
%    title = {Mechanics},
%    publisher = {Anshan},
%    address = {Tunbridge Wells},
%    year = {2005},
%    isbn = {1904798462}
% }

@book{book:modeling_metal_fem,
   author = {Prakash Mahadeo Dixit and Uday S. Dixit},
   title = {Modeling of Metal Forming and Machining Processes: 
     By Finite Element and Soft Computing Methods},
   publisher = {Springer},
   address = {London},
   series = {Engineering materials and processes},
   edition = {1st},
   year = {2008},
   isbn = {1848001886}
}

@book{book:realtime,
   author = {Tomas M\"{o}ller and Eric Haines},
   title = {Real-time Rendering},
   publisher = {AK Peters},
   address = {Natick, Massachusetts},
   edition = {2nd},
   year = {2002},
   isbn = {1568811829}
}

@book{book:solid-mechanics,
   author = {Allan F. Bower},
   title = {Applied Mechanics of Solids},
   publisher = {CRC},
   address = {Boca Raton, Florida},
   year = {2009},
   isbn = {1439802475}
}

@book{book:springer-materials,
   author = {W. Martienssen and H. Warlimont},
   title = {Springer Handbook of Condensed Matter and Materials Data},
   publisher = {Springer},
   address = {Berlin},
   year = {2005},
   isbn = {3540443762}
}

@book{book:static-mechanics,
   author = {Anthony Bedford and Wallace L. Fowler},
   title = {Statics: Engineering Mechanics},
   publisher = {Addison-Wesley},
   address = {Reading, Massachusetts},
   year = {1995},
   isbn = {0201581930}
}

@book{book:dynamic-mechanics,
   author = {Anthony Bedford and Wallace L. Fowler},
   title = {Dynamics: Engineering Mechanics},
   publisher = {Addison-Wesley},
   address = {Reading, Massachusetts},
   year = {1995},
   isbn = {0201581973}
}

@book{book:strength-materials,
   author = {D. K. Singh},
   title = {Strength of Materials},
   publisher = {CRC},
   address = {Boca Raton, Florida},
   year = {2008},
   isbn = {9781420069167}
}

@book{book:theory-of-elasticity,
   author = {Stephen Prokofyevich Timoshenko and J. N. Goodier},
   title = {Theory of Elasticity},
   publisher = {McGraw-Hill},
   address = {New York},
   edition = {3rd},
   year = {1970},
   isbn = {0070858055}
}

@book{book:tim-mom,
   author = {Stephen Prokofyevich Timoshenko and James M. Gere},
   title = {Mechanics of Materials},
   publisher = {Van Nostrand Reinhold},
   address = {Boston, Massachusetts},
   edition = {2nd},
   year = {1987},
   isbn = {0278000401}
}

@book{book:uni-physics,
   author = {Hugh D. Young and Roger A. Freedman and
     A. Lewis Ford and T. R. Sandin},
   title = {Sears and Zemansky's University Physics},
   publisher = {Addison-Wesley},
   address = {San Francisco ; Harlow},
   edition = {10th},
   year = {2000},
   isbn = {0201603365}
}

% -------- ARTICLES ---------- %

%from: http://ieeexplore.ieee.org/search/wrapper.jsp?arnumber=4388142
% article{article:TLED,
%   author = {Zeike A. Taylor and Mario Cheng and Sebastien Ourselin},
%  title = {High-Speed Nonlinear Finite Element Analysis
%    for Surgical Simulation Using Graphics Processing Units},
%  journal = {IEEE Transactions on Medical Imaging},
%  year = {2008}
% }

% copied from: http://ieeexplore.ieee.org/xpls/abs_all.jsp?isnumber=4497376&arnumber=4388142&count=15&index=6
 %4388142,
@article{article:TLED,
  title={High-Speed Nonlinear Finite Element Analysis for Surgical
    Simulation Using Graphics Processing Units},
  author={Zeike A. Taylor and Mario Cheng and Sebastien Ourselin},
  journal={IEEE Transactions on Medical Imaging},
  year={2008},
  month={May},
  volume={27},
  number={5},
  pages={650-663},
  doi={10.1109/TMI.2007.913112},
  url={http://dx.doi.org/10.1109/TMI.2007.913112},
  ISSN={0278-0062},
}

% article{article:zhuang,
%   author = {Yan Zhuang and John Canny},
%   title = {Real-time Simulation of Physically Realistic Global
%     Deformation}, 
%   institution = {Computer Science Department, University of
%     California, Berkeley, CA 94720-1776}, 
%   year = {1999}
% }

% copied from: http://portal.acm.org/citation.cfm?id=933120#
% 933120,
% phdthesis{article:zhuang,
%   author = {Yan Zhuang and John Chair-Canny},
%   title = {Real-time simulation of physically realistic global deformations},
%   year = {2000},
%   isbn = {0-493-11607-9},
%   order_no = {AAI3002339},
%   school = {University of California},
%   address = {Berkeley, California}
% }

% article{article:brittle_fracture,
%   author = {James F. O'Brien and Jessica K. Hodgins},
%   title = {Graphical Modeling and Animation of Brittle Fracture},
%   year = {1999}
% }

%copied from: http://portal.acm.org/citation.cfm?id=311535.311550#
 %311550,
@inproceedings{article:brittle_fracture,
  author = {James F. O'Brien and Jessica K. Hodgins},
  title = {Graphical Modeling and Animation of Brittle Fracture},
  booktitle = {SIGGRAPH '99: Proceedings of the 26th annual conference on Computer graphics and interactive techniques},
  year = {1999},
  isbn = {0-201-48560-5},
  pages = {137-146},
  doi = {10.1145/311535.311550},
  url = {http://dx.doi.org/10.1145/311535.311550},
  publisher = {ACM Press/Addison-Wesley},
  address = {New York, USA},
}

% article{article:muller,
%   author = {Matthias M{\"{u}}ller and Leonard McMillan and
%     Julie Dorsey and Robert Jagnow},
%   title = {Real-Time Simulation of Deformation and Fracture 
% of Stiff Materials},
%   year = {2001}
}

%copied from: http://portal.acm.org/citation.cfm?id=776361#
%776361,
@inproceedings{article:muller,
 author = {Matthias M\"{u}ller and Leonard McMillan and 
   Julie Dorsey and Robert Jagnow},
 title = {Real-time Simulation of Deformation and Fracture of Stiff Materials},
 booktitle = {Proceedings of the Eurographic workshop on Computer animation and simulation},
 year = {2001},
 isbn = {3-211-83711-6},
 pages = {113-124},
 location = {Manchester, UK},
 publisher = {Springer-Verlag},
 address = {New York, USA},
 }

% article{article:visible_ear,
%   author = {Peter Trier and Karsten {\O}stegaard Noe and
%     Mads Sylvster S{\o}rensen and Jesper Mosegaard},
%   title = {The Visible Ear Surgery Simulator},
%   year = {2009}
% }

% copied from: http://www.citeulike.org/group/4476/article/2740850
%Trier2008,
@article{article:visible_ear,
    address = {Alexandra Institute, Aarhus University, Denmark.},
    author = {Peter Trier and Karsten {\O}stergaard Noe and
      Mads S{\o}lvsten S{\o}rensen and Jesper Mosegaard},
    issn = {0926-9630},
    journal = {Studies in health technology and informatics},
    pages = {523-525},
    posted-at = {2008-09-29 19:56:02},
    title = {The Visible Ear Surgery Simulator.},
    url = {http://view.ncbi.nlm.nih.gov/pubmed/18391361},
    volume = {132},
    year = {2008}
}

% article{article:gpu_surgery,
%   author = {Thomas Sangild S{\o}rensen and Jesper Mosegaard},
%   title = {An Introduction to GPU Accelerated Surgical Simulation},
%   year = {2006}
% }

% copied from: http://www.citeulike.org/group/4476/article/2741638
%Soerensen2006,
@inproceedings{article:gpu_surgery,
    author = {S{\o}rensen, Thomas Sangild and Mosegaard, Jesper},
    booktitle = {Third International Symposium, ISBMS 2006},
    doi = {10.1007/11790273_11},
    editor = {Harders, Matthias and Szekely, Gabor},
    journal = {Biomedical Simulation},
    pages = {93-104},
    posted-at = {2008-09-29 19:57:18},
    publisher = {Springer, Berlin},
    series = {Lecture Notes in Computer Science},
    title = {An Introduction to GPU Accelerated Surgical Simulation},
    url = {http://dx.doi.org/10.1007/11790273_11},
    volume = {4072},
    year = {2006}
}

% ???: http://www.ncbi.nlm.nih.gov/pubmed/16404113
% article{article:haptic_feedback ,
%   author = {Thomas Sangild S{\o}rensen and Jesper Mosegaard},
%   title = {Haptic Feedback for the GPU-Based Surgical Simulator},
%   year = {2006}
% }

% copied from: http://www.citeulike.org/group/4476/article/2744909
% Soerensen2006Haptic,
@article{article:haptic_feedback,
    address = {Centre for Advanced Visualisation and Interaction, University of Aarhus, Denmark. sangild@cavi.dk},
    author = {S{\o}rensen, Thomas Sangild and Mosegaard, Jesper},
    booktitle = {Medicine Meets Virtual Reality 14},
    issn = {0926-9630},
    journal = {Studies in health technology and informatics},
    pages = {523-528},
    posted-at = {2008-09-29 19:58:00},
    title = {Haptic feedback for the GPU-based Surgical Simulator.},
    url = {http://view.ncbi.nlm.nih.gov/pubmed/16404113},
    volume = {119},
    year = {2006}
}

% ???: http://www3.interscience.wiley.com/journal/110429812/abstract
% article{article:crack_tracking,
%   author = {Pedro M. A. Areias and Ted Belytschko},
%   title = {Analysis of three-dimensional crack initiation and
%     propagation using the extended finite element method},
%   journal = {International Journal for Numerical Methods in
%     Engineering},
%   year = {2005}
% }

% copied from: http://www.citeulike.org/user/ponthot/article/254383
% citeulike:254383,
@article{article:crack_tracking,
    author = {Areias, Pedro M. A. and Belytschko, Ted},
    doi = {10.1002/nme.1305},
    issn = {1097-0207},
    journal = {International Journal for Numerical Methods in Engineering},
    month = {March},
    number = {5},
    pages = {760-788},
    posted-at = {2005-07-13 14:06:01},
    title = {Analysis of Three-dimensional Crack Initiation 
      and Propagation using the Extended Finite Element Method},
    url = {http://dx.doi.org/10.1002/nme.1305},
    volume = {63},
    year = {2005}
}

% article{article:crack_tracking_comparison,
%   author = {P. Jäger and P. Steinmann and E. Kuhl},
%   title = {Modeling three-dimensional crack propagation - A comparison
%     of crack path tracking strategies},
%   journal = {International Journal for Numerical Methods in
%     Engineering},
%   year = {2008}
% }

% copied from: http://www.citeulike.org/user/umbertoperego/article/3457478
% citeulike:3457478,
@article{article:crack_tracking_comparison,
    address = {Department of Mechanical Engineering, University of
      Kaiserslautern, 67653 Kaiserslautern, Germany; Department of
      Mechanical Engineering, Friedrich-Alexander University
      Erlangen-Nuremberg, 91058 Erlangen, Germany; Department of
      Mechanical Engineering, Stanford University, Stanford, CA-94305,
      U.S.A.},
    author = {J\"{a}ger, P. and Steinmann, P. and Kuhl, E.},
    doi = {10.1002/nme.2353},
    journal = {International Journal for Numerical Methods in Engineering},
    number = {9},
    pages = {1328--1352},
    posted-at = {2008-10-28 14:03:57},
    title = {Modeling Three-dimensional Crack Propagation -
      A comparison of crack path tracking strategies},
    url = {http://dx.doi.org/10.1002/nme.2353},
    volume = {76},
    year = {2008}
}

% copied from: http://www.citeulike.org/user/mosegaard/article/3353238
@article{Rasmusson2008,
  author = {Rasmusson, Allan and Mosegaard, Jesper and
    S{\o}rensen, Thomas Sangild},
  doi = {10.1007/978-3-540-70521-5_6},
  journal = {Biomedical Simulation},
  pages = {49--58},
  posted-at = {2008-09-29 18:53:40},
  title = {Exploring Parallel Algorithms for Volumetric 
    Mass-Spring-Damper Models in CUDA},
  url = {http://dx.doi.org/10.1007/978-3-540-70521-5_6},
  year = {2008}
}

% phdthesis{mosegaard2006Phd,
%   author = {Jesper Mosegaard},
%   title = {Cardiac Surgery Simulation - Graphics hardware meets
%     Congenital Heart Disease}
% }

% copied from: http://www.jespermosegaard.dk/Publications/Mosegaard2006Phd
% Mosegaard2006Phd,
@PHDTHESIS { mosegaard2006Phd,
  AUTHOR = { Mosegaard, Jesper },
  ID = { 3353285 },
  MONTH = { October },
  AT = { 2008-09-29 19:08:44 },
  PRIORITY = { 0 },
  SCHOOL = { Department of Computer Science, University of Aarhus, Denmark },
  TITLE = { Cardiac Surgery Simulation - Graphics Hardware meets
    Congenital Heart Disease },
  YEAR = { 2006 },
}

% ???? endnote: http://www3.interscience.wiley.com/journal/112692131/abstract
% article{article:miller,
%   author = {Karol Miller and Grand Joldes and
%     Dane Lance and Adam Wittek},
%   title = {Total Lagrangian explicit dynamics finite element algorithm
%     for computing soft tissue deformation},
%   year = {2008}
% }

% from: endnote
@article{article:miller,
   author = {Karol Miller and Grand Joldes and Dane Lance and Adam Wittek},
   title = {Total Lagrangian Explicit Dynamics Finite Element
     Algorithm for Computing Soft Tissue Deformation},
   journal = {Communications in Numerical Methods in Engineering},
   volume = {23},
   number = {2},
   pages = {121-134},
   year = {2007}
}

% endnote ??? from: http://intl-cro.sagepub.com/cgi/content/abstract/14/1/13
% article{article:dentin-material,
%   author = {J. H. Kinney and S. J. Marshall and G. W. Marshall},
%   title = {The mechanical properties of human dentin: A critical
%     review and re-evaluation of the dental literature},
%   journal = {Critical Reviews in Oral Biology and Medicine},
%   year = {2003}
% }

% from: endnote
@article{article:dentin-material,
   author = {J. H. Kinney and S. J. Marshall and G. W. Marshall},
   title = {The Mechanical Properties of Human Dentin: 
     A Critical Review and Re-evaluation of the Dental Literature},
   journal = {Critical Reviews in Oral Biology and Medicine},
   volume = {14},
   number = {1},
   pages = {13-29},
   year = {2003}
}

@article{Giannini2004322,
  title = {Ultimate Tensile Strength of Tooth Structures},
  author = {Marcelo Giannini and Carlos Jose Soares
    and Ricardo Marins de Carvalho},
  journal = {Dental Materials},
  volume = {20},
  number = {4},
  pages = {322-329},
  year = {2004},
  issn = {0109-5641},
  doi = {10.1016/S0109-5641(03)00110-6},
  url = {http://dx.doi.org/10.1016/S0109-5641(03)00110-6}
}

% ------------------ NOT CHECKED ----------------- % 

% ???
@book{book:bathe,
   author = {Klaus-J{\"{u}}rgen Bathe},
   title = {Finite Element Procedures},
   publisher = {Prentice Hall},
   year = {2007},
   isbn = {9780979004902}
}

% Owner: cpvc
@book{book:material-science,
  author = {J. C. Anderson and K. D. Leaver and
    R. D. Rawlings and J. M. Alexander},
  title = {Material Science},
  edition = {4th},
  year = {1990},
  isbn = {0748740775},
  publisher = {Chapman and Hall}
}

% from:  http://books.google.dk/books?id=A9swPCp4--wC&printsec=frontcover&source=gbs_v2_summary_r&cad=0#v=onepage&q=&f=false
@book{book:dentist-materials,
  author = {Jonathan Black and Garth Hastings},
  title = {Handbook of Biomaterial Properties},
  edition = {1st},
  year = {1998},
  isbn = {9780412603303},
  publisher = {Springer}
}

% copied from: http://en.scientificcommons.org/42409602
%  url =
%  {http://citeseerx.ist.psu.edu/viewdoc/summary?doi=?doi=10.1.1.117.9148}
@book{article:tensor_visualization,
  location = {http://www.scientificcommons.org/42409602},
  title = {The Visualization of 3D Stress and Strain Tensor Fields},
  author = {Burkhard W{\"{u}}nsche},
  year = {2008},
  publisher = {Department of Computer Science, University of Auckland}, 
  address = {92019, New Zealand} 
}

% article{article:tensor_visualization,
%   author = {Burkhard Wünsche},
%   title = {The Visualization of 3D Stress and Strain Tensor Fields},
%   year = {2008},
%   institution = {Department of Computer Science, University of Auckland, 
% Private Bag 92019, New Zealand} 
% }

% from: oleby
@book{notes:oleby,
  author = {Ole {\O}sterby},
  title = {Numerical Analysis, Supplementary Notes},
  year = {2002},
  publisher = {Department of Computer Science,
    Aarhus University}
}

% from: oleby
@book{notes:danish-oil,
  author = {Vincent Allan Barker and Jan Reffstrup},
  title = {The Finite Element Method for Partial Differential Equations},
  year = {1998},
  publisher = {Department of Mathematical Modelling,
    Technical University of Denmark},
  address = {DK-2800 Lyngby}
}

@manual{book:cuda-pg,
  title = {NVIDIA CUDA, Programming Guide, version 2.3.1.},
  year = {2009},
  organization = {NVIDIA Corporation}
}

% from: Lea
@book{book:leas,
  title = {Dentalmaterialer: Almen Del},
  author = {Erik Asmussen and Anne Peutzfeldt and E. Christian Munksgaard},
  year = {2001},
  isbn = {8774930648},
  publisher = {Odontologisk Boghandel \& Forlag, K{\o}benhavn}
}


% First on real-time deformation using FEM
% http://portal.acm.org/citation.cfm?id=614422
% article{article:cotin,
%  author = {Cotin, St\'{e}phane and Delingette, Herv\'{e} and Ayache, Nicholas},
%  title = {Real-Time Elastic Deformations of Soft Tissues 
%    for Surgery Simulation},
%  journal = {IEEE Transactions on Visualization and Computer Graphics},
%  volume = {5},
%  number = {1},
%  year = {1999},
%  issn = {1077-2626},
%  pages = {62--73},
%  doi = {http://dx.doi.org/10.1109/2945.764872},
%  publisher = {IEEE Educational Activities Department},
%  address = {Piscataway, NJ, USA},
%  }

% M. Bro-Nielsen: Fast finite elements for surgery simulation,
% Proc. Medicine Meets Virtual Reality 5 (MMVR-5'97), 1997
%
@article{article:fast_fem,
    author = {Bro-Nielsen, Morten},
    title = {Fast Finite Elements for Surgery Simulation},
    journal = {Studies in health technology and informatics},
    pages = {395-400},
    volume = {39},
    year = {1997},
    issn = {0926-9630},
    url = {http://www.ncbi.nlm.nih.gov/pubmed/10173064}
}

@article{article:bro-nielsen,
  title={Finite Element Modeling in Surgery Simulation},
  author={Bro-Nielsen, Morten},
  journal={Proceedings of the IEEE},
  year={1998},
  month={March},
  volume={86},
  number={3},
  pages={490-503},
  doi={10.1109/5.662874},
  ISSN={0018-9219},
  url = {http://dx.doi.org/10.1109/5.662874}
}

